@article{Audemard2018,
  author    = {Gilles Audemard and Laurent Simon},
  title     = {On the Glucose {SAT} Solver},
  journal   = {International Journal on Artificial Intelligence Tools},
  volume    = {27},
  number    = {1},
  year      = {2018},
  pages     = {1840001},
  doi       = {10.1142/S0218213018400018}
}

@inproceedings{Biere2021,
  author    = {Armin Biere and Katalin Fazekas and Mathias Fleury and Maximillian Heisinger},
  title     = {{CaDiCaL}, {Kissat}, {Paracooba}, {Plingeling} and {Treengeling} entering the {SAT} Competition 2020},
  booktitle = {Proceedings of SAT Competition 2020},
  year      = {2021},
  pages     = {51--53}
}

@inproceedings{Cook1971,
  author    = {Stephen A. Cook},
  title     = {The complexity of theorem-proving procedures},
  booktitle = {Proceedings of the third annual ACM symposium on Theory of computing},
  publisher = {ACM},
  year      = {1971},
  pages     = {151--158},
  doi       = {10.1145/800157.805047}
}

@article{DavisPutnam1960,
  author    = {Martin Davis and Hilary Putnam},
  title     = {A computing procedure for quantification theory},
  journal   = {Journal of the ACM},
  volume    = {7},
  number    = {3},
  year      = {1960},
  pages     = {201--215},
  doi       = {10.1145/321033.321034}
}

@article{DavisPutnamLovemanLoveland1962,
  author    = {Martin Davis and George Logemann and Donald Loveland},
  title     = {A machine program for theorem-proving},
  journal   = {Communications of the ACM},
  volume    = {5},
  number    = {7},
  year      = {1962},
  pages     = {394--397},
  doi       = {10.1145/368273.368557}
}

@inproceedings{Een2003,
  author    = {Niklas E{\'{e}}n and Niklas S{\"{o}}rensson},
  title     = {An Extensible {SAT}-solver},
  booktitle = {Theory and Applications of Satisfiability Testing},
  year      = {2003},
  pages     = {502--518},
  doi       = {10.1007/978-3-540-24605-3_37}
}

@inproceedings{Een2019,
  author    = {Niklas E{\'{e}}n and Armin Biere},
  title     = {Effective Preprocessing in {SAT} Through Variable and Clause Elimination},
  booktitle = {Theory and Applications of Satisfiability Testing},
  year      = {2019},
  pages     = {61--75},
  doi       = {10.1007/978-3-540-31679-4_5}
}

@inproceedings{Hoos2000,
  author    = {Holger H. Hoos and Thomas St{\"{u}}tzle},
  title     = {{SATLIB}: An Online Resource for Research on {SAT}},
  booktitle = {SAT 2000},
  year      = {2000},
  pages     = {283--292},
  note      = {Available at \url{https://www.cs.ubc.ca/~hoos/SATLIB/benchm.html}}
}

@incollection{Marques-Silva2021,
  author    = {Jo{\~{a}}o Marques{-}Silva and In{\^{e}}s Lynce and Sharad Malik},
  title     = {Conflict-Driven Clause Learning {SAT} Solvers},
  booktitle = {Handbook of Satisfiability},
  editor    = {Armin Biere and Marijn Heule and Hans van Maaren and Toby Walsh},
  edition   = {2},
  publisher = {IOS Press},
  year      = {2021},
  pages     = {133--182},
  doi       = {10.3233/FAIA200987}
}

@misc{Minisat,
  author    = {Niklas E{\'{e}}n and Niklas S{\"{o}}rensson},
  title     = {{MiniSat} - {A} {SAT} solver with conflict-clause minimization},
  howpublished = {GitHub repository},
  year      = {2021},
  url       = {https://github.com/niklasso/minisat}
}

@inproceedings{Moskewicz2001,
  author    = {Matthew W. Moskewicz and Conor F. Madigan and Ying Zhao and Lintao Zhang and Sharad Malik},
  title     = {Chaff: Engineering an efficient {SAT} solver},
  booktitle = {Proceedings of the 38th Design Automation Conference},
  year      = {2001},
  pages     = {530--535},
  doi       = {10.1145/378239.379017}
}

@inproceedings{PySAT,
  author    = {Alexey Ignatiev and Antonio Morgado and Jo{\~{a}}o Marques{-}Silva},
  title     = {{PySAT}: {A} {Python} Toolkit for Prototyping with {SAT} Oracles},
  booktitle = {Proceedings of SAT},
  year      = {2018},
  pages     = {428--437},
  doi       = {10.1007/978-3-319-94144-8_26},
  url       = {https://github.com/pysathq/pysat}
}

@article{Robinson1965,
  author    = {J. Alan Robinson},
  title     = {A machine-oriented logic based on the resolution principle},
  journal   = {Journal of the ACM},
  volume    = {12},
  number    = {1},
  year      = {1965},
  pages     = {23--41},
  doi       = {10.1145/321250.321253}
}

@incollection{Tseitin1983,
  author    = {Gregory S. Tseitin},
  title     = {On the complexity of derivation in propositional calculus},
  booktitle = {Automation of Reasoning},
  editor    = {J{\"{o}}rg H. Siekmann and Graham Wrightson},
  publisher = {Springer},
  year      = {1983},
  pages     = {466--483},
  doi       = {10.1007/978-3-642-81955-1_28}
}

@inproceedings{Z3,
  author    = {Leonardo de Moura and Nikolaj Bj{\o}rner},
  title     = {{Z3}: An Efficient {SMT} Solver},
  booktitle = {Tools and Algorithms for the Construction and Analysis of Systems},
  year      = {2008},
  pages     = {337--340},
  doi       = {10.1007/978-3-540-78800-3_24},
  url       = {https://github.com/Z3Prover/z3}
}

@inproceedings{Zhang2020,
  author    = {Haoze Zhang and Shaowei Cai and Jinkun Lin and Luo Jiongzhi},
  title     = {Resolution-Based Reasoning Revisited: On Efficient Implementation and Applications},
  booktitle = {Theory and Applications of Satisfiability Testing},
  year      = {2020},
  pages     = {295--313},
  doi       = {10.1007/978-3-030-51825-7_21}
}
